<record><leader>00000cas a22000007a 4500</leader><controlfield tag="001">23734621</controlfield><controlfield tag="008">910513d19211969mnudn ne      0    0eng d</controlfield><datafield ind1=" " ind2=" " tag="010"><subfield code="a">sn 91059174 </subfield></datafield><datafield ind1=" " ind2=" " tag="040"><subfield code="a">MN#</subfield><subfield code="b">eng</subfield><subfield code="c">MN#</subfield><subfield code="d">OCLCQ</subfield><subfield code="d">OCLCF</subfield><subfield code="d">OCLCO</subfield></datafield><datafield ind1="1" ind2=" " tag="029"><subfield code="a">AU@</subfield><subfield code="b">000025888349</subfield></datafield><datafield ind1=" " ind2=" " tag="042"><subfield code="a">msc</subfield></datafield><datafield ind1=" " ind2=" " tag="043"><subfield code="a">n-us-mn</subfield></datafield><datafield ind1=" " ind2=" " tag="052"><subfield code="a">4144</subfield><subfield code="b">W3</subfield></datafield><datafield ind1=" " ind2=" " tag="052"><subfield code="a">4143</subfield><subfield code="b">W4</subfield></datafield><datafield ind1="0" ind2=" " tag="130"><subfield code="a">Waseca journal (Waseca, Minn. : 1921)</subfield></datafield><datafield ind1="1" ind2="4" tag="245"><subfield code="a">The Waseca journal.</subfield></datafield><datafield ind1=" " ind2=" " tag="260"><subfield code="a">Waseca, Minn. :</subfield><subfield code="b">W.A. Clement,</subfield><subfield code="c">1921-1969.</subfield></datafield><datafield ind1=" " ind2=" " tag="300"><subfield code="a">50 v.</subfield></datafield><datafield ind1=" " ind2=" " tag="310"><subfield code="a">Daily (Monday-Friday, except holidays),</subfield><subfield code="b">Jan. 2, 1969-Dec. 29, 1969</subfield></datafield><datafield ind1=" " ind2=" " tag="321"><subfield code="a">Weekly,</subfield><subfield code="b">Nov. 30, 1921-Jan. 1, 1969</subfield></datafield><datafield ind1="0" ind2=" " tag="362"><subfield code="a">Vol. 58, no. 10 (Nov. 30, 1921)-v. 108, no. 254 (Dec. 29, 1969).</subfield></datafield><datafield ind1=" " ind2=" " tag="530"><subfield code="a">Available on microfilm from the Minnesota Historical Society.</subfield></datafield><datafield ind1=" " ind2="0" tag="651"><subfield code="a">Waseca (Minn.)</subfield><subfield code="v">Newspapers.</subfield></datafield><datafield ind1=" " ind2="7" tag="655"><subfield code="a">Newspapers.</subfield><subfield code="2">fast</subfield><subfield code="0">(OCoLC)fst01423814</subfield></datafield><datafield ind1=" " ind2="7" tag="651"><subfield code="a">Minnesota</subfield><subfield code="z">Waseca.</subfield><subfield code="2">fast</subfield><subfield code="0">(OCoLC)fst01212097</subfield></datafield><datafield ind1=" " ind2=" " tag="752"><subfield code="a">United States</subfield><subfield code="b">Minnesota</subfield><subfield code="c">Waseca</subfield><subfield code="d">Waseca.</subfield></datafield><datafield ind1="0" ind2="0" tag="780"><subfield code="t">Waseca journal-radical</subfield><subfield code="w">(DLC)sn 91059176</subfield></datafield><datafield ind1="0" ind2="5" tag="780"><subfield code="t">Waseca herald</subfield><subfield code="w">(DLC)sn 91059171</subfield></datafield><datafield ind1="0" ind2="0" tag="785"><subfield code="t">Waseca's daily journal</subfield><subfield code="w">(DLC)sn 91059175</subfield></datafield></record>